@article{radford2021learning,
  title={Learning {T}ransferable {V}isual {M}odels from {N}atural {L}anguage {S}upervision},
  author={Radford, Alec and Kim, Jong Wook and Hallacy, Chris and Ramesh, Aditya and Goh, Gabriel and Agarwal, Sandhini and Sastry, Girish and Askell, Amanda and Mishkin, Pamela and Clark, Jack and others},
  journal={arXiv preprint arXiv:2103.00020},
  year={2021}
}

@inproceedings{saunshi2019theoretical,
  title={A {T}heoretical {A}nalysis of {C}ontrastive {U}nsupervised {R}epresentation {L}earning},
  author={Saunshi, Nikunj and Plevrakis, Orestis and Arora, Sanjeev and Khodak, Mikhail and Khandeparkar, Hrishikesh},
  booktitle={International Conference on Machine Learning},
  pages={5628--5637},
  year={2019},
  organization={PMLR}
}

@inproceedings{wang2020understanding,
  title={Understanding {C}ontrastive {R}epresentation {L}earning through {A}lignment and {U}niformity on the {H}ypersphere},
  author={Wang, Tongzhou and Isola, Phillip},
  booktitle={International Conference on Machine Learning},
  pages={9929--9939},
  year={2020},
  organization={PMLR}
}

@inproceedings{tschannen2019mutual,
  title={On {M}utual {I}nformation {M}aximization for {R}epresentation {L}earning},
  author={Tschannen, Michael and Djolonga, Josip and Rubenstein, Paul K and Gelly, Sylvain and Lucic, Mario},
  booktitle={International Conference on Learning Representations},
  year={2019}
}

@inproceedings{khandelwal2019generalization,
  title={Generalization through {M}emorization: {N}earest {N}eighbor {L}anguage {M}odels},
  author={Khandelwal, Urvashi and Levy, Omer and Jurafsky, Dan and Zettlemoyer, Luke and Lewis, Mike},
  booktitle={International Conference on Learning Representations},
  year={2019}
}

@inproceedings{feldman2020does,
  title={Does {L}earning {R}equire {M}emorization? {A} {S}hort {T}ale about {A} {L}ong {T}ail},
  author={Feldman, Vitaly},
  booktitle={Proceedings of the 52nd Annual ACM SIGACT Symposium on Theory of Computing},
  pages={954--959},
  year={2020}
}

@inproceedings{brown2021memorization,
  title={When is {M}emorization of {I}rrelevant {T}raining {D}ata {N}ecessary for {H}igh-accuracy {L}earning?},
  author={Brown, Gavin and Bun, Mark and Feldman, Vitaly and Smith, Adam and Talwar, Kunal},
  booktitle={Proceedings of the 53rd Annual ACM SIGACT Symposium on Theory of Computing},
  pages={123--132},
  year={2021}
}

@article{feldman2020neural,
  title={What {N}eural {N}etworks {M}emorize and {W}hy: {D}iscovering the {L}ong {T}ail via {I}nfluence {E}stimation},
  author={Feldman, Vitaly and Zhang, Chiyuan},
  journal={Advances in Neural Information Processing Systems},
  volume={33},
  pages={2881--2891},
  year={2020}
}

@article{ramesh2021zero,
  title={Zero-shot {T}ext-to-image {G}eneration},
  author={Ramesh, Aditya and Pavlov, Mikhail and Goh, Gabriel and Gray, Scott and Voss, Chelsea and Radford, Alec and Chen, Mark and Sutskever, Ilya},
  journal={arXiv preprint arXiv:2102.12092},
  year={2021}
}

@article{radhakrishnan2020overparameterized,
  title={Overparameterized {N}eural {N}etworks {I}mplement {A}ssociative {M}emory},
  author={Radhakrishnan, Adityanarayanan and Belkin, Mikhail and Uhler, Caroline},
  journal={Proceedings of the National Academy of Sciences},
  volume={117},
  number={44},
  pages={27162--27170},
  year={2020},
  publisher={National Academy of Sciences}
}

@inproceedings{dwork2006differential,
  title={Differential {P}rivacy},
  author={Dwork, Cynthia},
  booktitle={ICALP},
  year={2006},
}

@inproceedings{hardt2016equality,
  title={Equality of {O}pportunity in {S}upervised {L}earning},
  author={Hardt, Moritz and Price, Eric and Srebro, Nati},
  booktitle={NeurIPS},
  year={2016}
}

@inproceedings{abadi2016deep,
  title={Deep {L}earning with {D}ifferential {P}rivacy},
  author={Abadi, Martin and Chu, Andy and Goodfellow, Ian and McMahan, H Brendan and Mironov, Ilya and Talwar, Kunal and Zhang, Li},
  booktitle={ACM SIGSAC CCS},
  year={2016}
}

@inproceedings{bagdasaryan2019differential,
  title={Differential {P}rivacy has {D}isparate {I}mpact on {M}odel {A}ccuracy},
  author={Bagdasaryan, Eugene and Poursaeed, Omid and Shmatikov, Vitaly},
  booktitle={NeurIPS},
  year={2019}
}

@inproceedings{tran2021differentially,
  title={Differentially {P}rivate {D}eep {L}earning under the {F}airness {L}ens},
  author={Tran, Cuong and Dinh, My H and Fioretto, Ferdinando},
  journal={arXiv preprint arXiv:2106.02674},
  year={2021}
}

@inproceedings{vaswani2017attention,
  title={Attention is {A}ll {Y}ou {N}eed},
  author={Vaswani, Ashish and Shazeer, Noam and Parmar, Niki and Uszkoreit, Jakob and Jones, Llion and Gomez, Aidan N and Kaiser, {\L}ukasz and Polosukhin, Illia},
  booktitle={NeurIPS},
  year={2017}
}

@inproceedings{brown2020language,
  title={Language {M}odels are {F}ew-shot {L}earners},
  author={Brown, Tom B and Mann, Benjamin and Ryder, Nick and Subbiah, Melanie and Kaplan, Jared and Dhariwal, Prafulla and Neelakantan, Arvind and Shyam, Pranav and Sastry, Girish and Askell, Amanda and others},
  journal={arXiv preprint arXiv:2005.14165},
  year={2020}
}

@inproceedings{dosovitskiy2020image,
  title={An {I}mage is {W}orth 16x16 {W}ords: {T}ransformers for {I}mage {R}ecognition at {S}cale},
  author={Dosovitskiy, Alexey and Beyer, Lucas and Kolesnikov, Alexander and Weissenborn, Dirk and Zhai, Xiaohua and Unterthiner, Thomas and Dehghani, Mostafa and Minderer, Matthias and Heigold, Georg and Gelly, Sylvain and others},
  booktitle={International Conference on Learning Representations},
  year={2020}
}

@inproceedings{pujol2020fair,
  title={Fair {D}ecision {M}aking using {P}rivacy-protected {D}ata},
  author={Pujol, David and McKenna, Ryan and Kuppam, Satya and Hay, Michael and Machanavajjhala, Ashwin and Miklau, Gerome},
  booktitle={ACM Conference on Fairness, Accountability, and Transparency},
  year={2020}
}

@article{xu2020removing,
  title={Removing {D}isparate {I}mpact of {D}ifferentially {P}rivate {S}tochastic Gradient Descent on Model Accuracy},
  author={Xu, Depeng and Du, Wei and Wu, Xintao},
  journal={arXiv preprint arXiv:2003.03699},
  year={2020}
}

@inproceedings{he2016deep,
  title={Deep {R}esidual {L}earning for {I}mage {R}ecognition},
  author={He, Kaiming and Zhang, Xiangyu and Ren, Shaoqing and Sun, Jian},
  booktitle={Proceedings of the IEEE/CVF Conference on Computer Vision and Pattern Recognition},
  year={2016}
}

@inproceedings{tramer2020differentially,
  title={Differentially {P}rivate {L}earning {N}eeds {B}etter {F}eatures (or {M}uch {M}ore {D}ata)},
  author={Tramer, Florian and Boneh, Dan},
  booktitle={International Conference on Learning Representations},
  year={2020}
}

@inproceedings{wang2020differentially,
  title={Differentially {P}rivate {L}earning with {S}mall {P}ublic {D}ata},
  author={Wang, Jun and Zhou, Zhi-Hua},
  booktitle={Proceedings of the AAAI Conference on Artificial Intelligence},
  volume={34},
  number={04},
  pages={6219--6226},
  year={2020}
}

@inproceedings{bassily2020private,
  title={Private {Q}uery {R}elease {A}ssisted by {P}ublic {D}ata},
  author={Bassily, Raef and Cheu, Albert and Moran, Shay and Nikolov, Aleksandar and Ullman, Jonathan and Wu, Steven},
  booktitle={International Conference on Machine Learning},
  pages={695--703},
  year={2020},
  organization={PMLR}
}

@article{bommasani2021opportunities,
  title={On the {O}pportunities and {R}isks of {F}oundation {M}odels},
  author={Bommasani, Rishi and Hudson, Drew A and Adeli, Ehsan and Altman, Russ and Arora, Simran and von Arx, Sydney and Bernstein, Michael S and Bohg, Jeannette and Bosselut, Antoine and Brunskill, Emma and others},
  journal={arXiv preprint arXiv:2108.07258},
  year={2021}
}

@book{christian2020alignment,
  title={The {A}lignment {P}roblem: {M}achine {L}earning and {H}uman {V}alues},
  author={Christian, Brian},
  year={2020},
  publisher={W.W. Norton \& Company}
}

@article{feldman2020individual,
  title={Individual {P}rivacy {A}ccounting via a {R}enyi {F}ilter},
  author={Feldman, Vitaly and Zrnic, Tijana},
  journal={arXiv preprint arXiv:2008.11193},
  year={2020}
}

@article{bu2020deep,
  title={Deep {L}earning with {G}aussian {D}ifferential {P}rivacy},
  author={Bu, Zhiqi and Dong, Jinshuo and Long, Qi and Su, Weijie J},
  journal={Harvard data science review},
  volume={2020},
  number={23},
  year={2020},
  publisher={NIH Public Access}
}

@inproceedings{chen2020stochastic,
  title={Stochastic {A}daptive {L}ine {S}earch for {D}ifferentially {P}rivate {O}ptimization},
  author={Chen, Chen and Lee, Jaewoo},
  booktitle={2020 IEEE International Conference on Big Data (Big Data)},
  pages={1011--1020},
  year={2020},
  organization={IEEE}
}

@article{papernot2020making,
    title={Making the {S}hoe {F}it: {A}rchitectures, {I}nitializations, and {T}uning for {L}earning with {P}rivacy},
    author={Nicolas Papernot and Steve Chien and Shuang Song and Abhradeep Thakurta and Ulfar Erlingsson},
    year={2020},
    url={https://openreview.net/forum?id=rJg851rYwH}
}

@article{nasr2020improving,
  title={Improving {D}eep {L}earning with {D}ifferential {P}rivacy using {G}radient {E}ncoding and {D}enoising},
  author={Nasr, Milad and Shokri, Reza and others},
  journal={arXiv preprint arXiv:2007.11524},
  year={2020}
}

@inproceedings{yu2019differentially,
  title={Differentially {P}rivate {M}odel {P}ublishing for {D}eep {L}earning},
  author={Yu, Lei and Liu, Ling and Pu, Calton and Gursoy, Mehmet Emre and Truex, Stacey},
  booktitle={2019 IEEE Symposium on Security and Privacy (SP)},
  pages={332--349},
  year={2019},
  organization={IEEE}
}

@inproceedings{luo2021scalable,
  title={Scalable {D}ifferential {P}rivacy With {S}parse {N}etwork {F}inetuning},
  author={Luo, Zelun and Wu, Daniel J and Adeli, Ehsan and Fei-Fei, Li},
  booktitle={Proceedings of the IEEE/CVF Conference on Computer Vision and Pattern Recognition},
  pages={5059--5068},
  year={2021}
}

@article{ziller2021medical,
  title={Medical {I}maging {D}eep {L}earning with {D}ifferential {P}rivacy},
  author={Ziller, Alexander and Usynin, Dmitrii and Braren, Rickmer and Makowski, Marcus and Rueckert, Daniel and Kaissis, Georgios},
  journal={Scientific Reports},
  volume={11},
  number={1},
  pages={1--8},
  year={2021},
  publisher={Nature Publishing Group}
}

@article{liu2021machine,
  title={When {M}achine {L}earning {M}eets {P}rivacy: {A} {S}urvey and {O}utlook},
  author={Liu, Bo and Ding, Ming and Shaham, Sina and Rahayu, Wenny and Farokhi, Farhad and Lin, Zihuai},
  journal={ACM Computing Surveys (CSUR)},
  volume={54},
  number={2},
  pages={1--36},
  year={2021},
  publisher={ACM New York, NY, USA}
}

@article{mehrabi2021survey,
  title={A {S}urvey on {B}ias and {F}airness in {M}achine {L}earning},
  author={Mehrabi, Ninareh and Morstatter, Fred and Saxena, Nripsuta and Lerman, Kristina and Galstyan, Aram},
  journal={ACM Computing Surveys (CSUR)},
  volume={54},
  number={6},
  pages={1--35},
  year={2021},
  publisher={ACM New York, NY, USA}
}

@inproceedings{papernot2018scalable,
  title={Scalable {P}rivate {L}earning with {PATE}},
  author={Papernot, Nicolas and Song, Shuang and Mironov, Ilya and Raghunathan, Ananth and Talwar, Kunal and Erlingsson, Ulfar},
  booktitle={International Conference on Learning Representations},
  year={2018}
}

@article{papernot2017semi,
  title={Semi-supervised {K}nowledge {T}ransfer for {D}eep {L}earning from {P}rivate {T}raining {D}ata},
  author={Papernot, Nicolas and Abadi, Mart{\'\i}n and Erlingsson, Ulfar and Goodfellow, Ian and Talwar, Kunal},
  booktitle={International Conference on Learning Representations},
  year={2017}
}

@article{yousefpour2021opacus,
  title={Opacus: {U}ser-friendly {D}ifferential {P}rivacy {L}ibrary in {P}y{T}orch},
  author={Yousefpour, Ashkan and Shilov, Igor and Sablayrolles, Alexandre and Testuggine, Davide and Prasad, Karthik and Malek, Mani and Nguyen, John and Ghosh, Sayan and Bharadwaj, Akash and Zhao, Jessica and others},
  journal={arXiv preprint arXiv:2109.12298},
  year={2021}
}

@inproceedings{abadi2016tensorflow,
  title={Tensorflow: {A} {S}ystem for {L}arge-scale {M}achine {L}earning},
  author={Abadi, Mart{\'\i}n and Barham, Paul and Chen, Jianmin and Chen, Zhifeng and Davis, Andy and Dean, Jeffrey and Devin, Matthieu and Ghemawat, Sanjay and Irving, Geoffrey and Isard, Michael and others},
  booktitle={12th $\{$USENIX$\}$ Symposium on Operating Systems Design and Implementation ($\{$OSDI$\}$ 16)},
  pages={265--283},
  year={2016}
}

@inproceedings{oyallon2015deep,
  title={Deep {R}oto-translation {S}cattering for {O}bject {C}lassification},
  author={Oyallon, Edouard and Mallat, St{\'e}phane},
  booktitle={Proceedings of the IEEE Conference on Computer Vision and Pattern Recognition},
  pages={2865--2873},
  year={2015}
}

@article{priyanshu2021efficient,
  title={Efficient {H}yperparameter {O}ptimization for {D}ifferentially {P}rivate {D}eep {L}earning},
  author={Priyanshu, Aman and Naidu, Rakshit and Mireshghallah, Fatemehsadat and Malekzadeh, Mohammad},
  journal={arXiv preprint arXiv:2108.03888},
  year={2021}
}

@inproceedings{liu2019private,
  title={Private {S}election from {P}rivate {C}andidates},
  author={Liu, Jingcheng and Talwar, Kunal},
  booktitle={Proceedings of the 51st Annual ACM SIGACT Symposium on Theory of Computing},
  pages={298--309},
  year={2019}
}